@INPROCEEDINGS{1979ipia.coll..445W,
  author =       {{Wells}, D.~C. and {Greisen}, E.~W.},
  title =        "{FITS - a Flexible Image Transport System}",
  booktitle =    {Image Processing in Astronomy},
  year =         1979,
  editor =       {{Sedmak}, G. and {Capaccioli}, M. and {Allen},
                  R.~J.},
  pages =        445,
  adsurl =       {http://adsabs.harvard.edu/abs/1979ipia.coll..445W},
  adsnote =      {Provided by the SAO/NASA Astrophysics Data System}
}

@ARTICLE{1981A&AS...44..363W,
  author =       {{Wells}, D.~C. and {Greisen}, E.~W. and {Harten},
                  R.~H.},
  title =        "{FITS - a Flexible Image Transport System}",
  journal =      {\aaps},
  year =         1981,
  month =        jun,
  volume =       44,
  pages =        363,
  adsurl =       {http://adsabs.harvard.edu/abs/1981A%26AS...44..363W},
  adsnote =      {Provided by the SAO/NASA Astrophysics Data System}
}

@ARTICLE{1982QJRAS..23..485D,
  author =       {{Disney}, M.~J. and {Wallace}, P.~T.},
  title =        "{STARLINK}",
  journal =      {\qjras},
  year =         1982,
  month =        dec,
  volume =       23,
  pages =        485,
  adsurl =       {http://adsabs.harvard.edu/abs/1982QJRAS..23..485D},
  adsnote =      {Provided by the SAO/NASA Astrophysics Data System}
}

@ARTICLE{1988A&AS...73..359G,
  author =       {{Grosbol}, P. and {Harten}, R.~H. and {Greisen},
                  E.~W. and {Wells}, D.~C.  },
  title =        "{Generalized extensions and blocking factors for
                  FITS}",
  journal =      {\aaps},
  keywords =     {DATA TRANSMISSION, IMAGE PROCESSING, MAGNETIC TAPE
                  TRANSPORTS, ASTRONOMY, COMPUTER PROGRAMMING, DATA
                  PROCESSING, DATA RECORDING},
  year =         1988,
  month =        jun,
  volume =       73,
  pages =        {359-364},
  adsurl =       {http://adsabs.harvard.edu/abs/1988A%26AS...73..359G},
  adsnote =      {Provided by the SAO/NASA Astrophysics Data System}
}

@ARTICLE{1988A&AS...73..365H,
  author =       {{Harten}, R.~H. and {Grosbol}, P. and {Greisen},
                  E.~W. and {Wells}, D.~C.  },
  title =        "{The FITS tables extension}",
  journal =      {\aaps},
  keywords =     {DATA TRANSMISSION, IMAGE PROCESSING, MAGNETIC TAPE
                  TRANSPORTS, ASTRONOMICAL CATALOGS, DATA BASES, DATA
                  PROCESSING, DATA RECORDING, FORMAT, TABLES (DATA)},
  year =         1988,
  month =        jun,
  volume =       73,
  pages =        {365-372},
  adsurl =       {http://adsabs.harvard.edu/abs/1988A%26AS...73..365H},
  adsnote =      {Provided by the SAO/NASA Astrophysics Data System}
}

@Article{1988STARB...2...11C,
  author =       {Malcolm J. Currie},
  title =        {Standard data formats},
  journal =      {Starlink Bulletin},
  year =         1988,
  volume =       2,
  pages =        11,
}

@INPROCEEDINGS{1993ASPC...52..229W,
  author =       {{Warren-Smith}, R.~F. and {Wallace}, P.~T.},
  title =        "{The STARLINK Software Collection}",
  booktitle =    {Astronomical Data Analysis Software and Systems II},
  year =         1993,
  series =       {\aspconf},
  volume =       52,
  editor =       {{Hanisch}, R.~J. and {Brissenden}, R.~J.~V. and
                  {Barnes}, J.  },
  month =        jan,
  pages =        229,
  adsurl =       {http://adsabs.harvard.edu/abs/1993ASPC...52..229W},
  adsnote =      {Provided by the SAO/NASA Astrophysics Data System}
}

@INPROCEEDINGS{1993ASPC...52..467V,
   author = {{Valdes}, F.},
    title = "{The IRAF/NOAO Spectral World Coordinate Systems}",
booktitle = {Astronomical Data Analysis Software and Systems II},
     year = 1993,
   series = {\aspconf},
   volume = 52,
   editor = {{Hanisch}, R.~J. and {Brissenden}, R.~J.~V. and {Barnes}, J.
	},
    month = jan,
    pages = {467},
   adsurl = {http://adsabs.harvard.edu/abs/1993ASPC...52..467V},
  adsnote = {Provided by the SAO/NASA Astrophysics Data System}
}

@ARTICLE{1995A&AS..113..159C,
  author =       {{Cotton}, W.~D. and {Tody}, D. and {Pence}, W.~D.},
  title =        "{Binary table extension to FITS.}",
  journal =      {\aaps},
  keywords =     {TECHNIQUES: MISCELLANEOUS, IMAGE PROCESSING},
  year =         1995,
  month =        oct,
  volume =       113,
  pages =        159,
  adsurl =       {http://adsabs.harvard.edu/abs/1995A%26AS..113..159C},
  adsnote =      {Provided by the SAO/NASA Astrophysics Data System}
}

@Article{1997STARB..19...14C,
  author =       {Malcolm J. Currie},
  title =        {Data-format conversion},
  journal =      {Starlink Bulletin},
  year =         1997,
  volume =       19,
  pages =        14,
}

@INPROCEEDINGS{1998ASPC..145...41W,
  author =       {{Warren-Smith}, R.~F. and {Berry}, D.~S.},
  title =        "{World Coordinate Systems as Objects}",
  booktitle =    {Astronomical Data Analysis Software and Systems VII},
  year =         1998,
  series =       {\aspconf},
  volume =       145,
  editor =       {{Albrecht}, R. and {Hook}, R.~N. and {Bushouse},
                  H.~A.},
  pages =        41,
  adsurl =       {http://adsabs.harvard.edu/abs/1998ASPC..145...41W},
  adsnote =      {Provided by the SAO/NASA Astrophysics Data System}
}

@INPROCEEDINGS{2000ASPC..216..243G,
  author =       {{Garwood}, R.~W.},
  title =        "{SDFITS: A Standard for Storage and Interchange of
                  Single Dish Data}",
  booktitle =    {Astronomical Data Analysis Software and Systems IX},
  year =         2000,
  series =       {\aspconf},
  volume =       216,
  editor =       {{Manset}, N. and {Veillet}, C. and {Crabtree}, D.},
  pages =        243,
  adsurl =       {http://adsabs.harvard.edu/abs/2000ASPC..216..243G},
  adsnote =      {Provided by the SAO/NASA Astrophysics Data System}
}

@INPROCEEDINGS{2000ASPC..216..551P,
   author = {{Pence}, W. and {White}, R.~L. and {Greenfield}, P. and {Tody}, D.
	},
    title = "{A FITS Image Compression Proposal}",
booktitle = {Astronomical Data Analysis Software and Systems IX},
     year = 2000,
   series = {\aspconf},
   volume = 216,
   editor = {{Manset}, N. and {Veillet}, C. and {Crabtree}, D.},
    pages = {551},
   adsurl = {http://adsabs.harvard.edu/abs/2000ASPC..216..551P},
  adsnote = {Provided by the SAO/NASA Astrophysics Data System}
}

@ARTICLE{2001A&A...376..359H,
  author =       {{Hanisch}, R.~J. and {Farris}, A. and {Greisen},
                  E.~W. and {Pence}, W.~D. and {Schlesinger},
                  B.~M. and {Teuben}, P.~J. and {Thompson}, R.~W. and
                  {Warnock}, III, A.},
  title =        "{Definition of the Flexible Image Transport System
                  (FITS)}",
  journal =      {\aap},
  keywords =     {INSTRUMENTATION: MISCELLANEOUS, METHODS:
                  MISCELLANEOUS, TECHNIQUES: MISCELLANEOUS,
                  ASTRONOMICAL DATABASES: MISCELLANEOUS},
  year =         2001,
  month =        sep,
  volume =       376,
  pages =        {359-380},
  doi =          {10.1051/0004-6361:20010923},
  adsurl =       {http://adsabs.harvard.edu/abs/2001A%26A...376..359H},
  adsnote =      {Provided by the SAO/NASA Astrophysics Data System}
}

@INPROCEEDINGS{2001ASPC..238..217S,
  author =       {{Shaya}, E. and {Thomas}, B. and {Cheung}, C.},
  title =        "{Specifics on a XML Data Format for Scientific
                  Data}",
  booktitle =    {Astronomical Data Analysis Software and Systems X},
  year =         2001,
  series =       {\aspconf},
  volume =       238,
  editor =       {{Harnden}, Jr., F.~R. and {Primini}, F.~A. and
                  {Payne}, H.~E.  },
  pages =        217,
  adsurl =       {http://adsabs.harvard.edu/abs/2001ASPC..238..217S},
  adsnote =      {Provided by the SAO/NASA Astrophysics Data System}
}

@INPROCEEDINGS{2001ASPC..238..487T,
  author =       {{Thomas}, B. and {Shaya}, E. and {Cheung}, C.},
  title =        "{Converting FITS into XML: Methods and Advantages}",
  booktitle =    {Astronomical Data Analysis Software and Systems X},
  year =         2001,
  series =       {\aspconf},
  volume =       238,
  editor =       {{Harnden}, Jr., F.~R. and {Primini}, F.~A. and
                  {Payne}, H.~E.  },
  pages =        487,
  adsurl =       {http://adsabs.harvard.edu/abs/2001ASPC..238..487T},
  adsnote =      {Provided by the SAO/NASA Astrophysics Data System}
}

@ARTICLE{2002A&A...395.1061G,
  author =       {{Greisen}, E.~W. and {Calabretta}, M.~R.},
  title =        "{Representations of world coordinates in FITS}",
  journal =      {\aap},
  keywords =     {methods: data analysis, techniques: image
                  processing, astronomical data bases: miscellaneous},
  year =         2002,
  month =        dec,
  volume =       395,
  pages =        {1061-1075},
  doi =          {10.1051/0004-6361:20021326},
  adsurl =       {http://adsabs.harvard.edu/abs/2002A%26A...395.1061G},
  adsnote =      {Provided by the SAO/NASA Astrophysics Data System}
}

@ARTICLE{2002A&A...395.1077C,
  author =       {{Calabretta}, M.~R. and {Greisen}, E.~W.},
  title =        "{Representations of celestial coordinates in FITS}",
  journal =      {\aap},
  keywords =     {methods: data analysis, techniques: image
                  processing, astronomical data bases: miscellaneous,
                  astrometry},
  year =         2002,
  month =        dec,
  volume =       395,
  pages =        {1077-1122},
  doi =          {10.1051/0004-6361:20021327},
  adsurl =       {http://adsabs.harvard.edu/abs/2002A%26A...395.1077C},
  adsnote =      {Provided by the SAO/NASA Astrophysics Data System}
}

@INPROCEEDINGS{2003ASPC..295..221G,
  author =       {{Giaretta}, D. and {Taylor}, M. and {Draper}, P. and
                  {Gray}, N. and {McIlwrath}, B.},
  title =        "{HDX Data Model: FITS, NDF and XML Implementation}",
  booktitle =    {Astronomical Data Analysis Software and Systems XII},
  year =         2003,
  series =       {\aspconf},
  volume =       295,
  editor =       {{Payne}, H.~E. and {Jedrzejewski}, R.~I. and {Hook},
                  R.~N.},
  pages =        221,
  adsurl =       {http://adsabs.harvard.edu/abs/2003ASPC..295..221G},
  adsnote =      {Provided by the SAO/NASA Astrophysics Data System}
}

@INPROCEEDINGS{2003SPIE.5150..791T,
  author =       {David S. Taubman and Robert Prandolini},
  title =        "{Architecture, philosophy, and performance of JPIP:
                  internet protocol standard for JPEG2000}",
  booktitle =    {Visual Communications and Image Processing 2003},
  year =         2003,
  series =       {Proc.\ SPIE},
  volume =       5150,
  pages =        791,
  month =        jul,
  doi =          {10.1117/12.502889},
}

@ARTICLE{2004PASA...21..302H,
   author = {{Hotan}, A.~W. and {van Straten}, W. and {Manchester}, R.~N.
	},
    title = "{PSRCHIVE and PSRFITS: An Open Approach to Radio Pulsar Data Storage and Analysis}",
  journal = {\pasa},
   eprint = {astro-ph/0404549},
 keywords = {pulsars: general, methods: data analysis},
     year = 2004,
   volume = 21,
    pages = {302-309},
      doi = {10.1071/AS04022},
   adsurl = {http://adsabs.harvard.edu/abs/2004PASA...21..302H},
  adsnote = {Provided by the SAO/NASA Astrophysics Data System}
}

@INPROCEEDINGS{2004tivo.conf..118O,
  author =       {{Ochsenbein}, F. and {Williams}, R. and {Davenhall},
                  C. and {Durand}, D. and {Fernique}, P. and
                  {Hanisch}, R. and {Giaretta}, D. and {McGlynn},
                  T. and {Szalay}, A. and {Wicenec}, A.},
  title =        "{VOTable: Tabular Data for the Virtual Observatory}",
  booktitle =    {Toward an International Virtual Observatory},
  year =         2004,
  editor =       {{Quinn}, P.~J. and {G{\'o}rski}, K.~M.},
  pages =        118,
  doi =          {10.1007/10857598_18},
  adsurl =       {http://adsabs.harvard.edu/abs/2004tivo.conf..118O},
  adsnote =      {Provided by the SAO/NASA Astrophysics Data System}
}

@ARTICLE{2006A&A...446..747G,
  author =       {{Greisen}, E.~W. and {Calabretta}, M.~R. and
                  {Valdes}, F.~G. and {Allen}, S.~L.},
  title =        "{Representations of spectral coordinates in FITS}",
  journal =      {\aap},
  keywords =     {methods: data analysis, techniques: image
                  processing, techniques: radial velocities,
                  techniques: spectroscopic, astronomical data bases:
                  miscellaneous},
  year =         2006,
  month =        feb,
  volume =       446,
  pages =        {747-771},
  doi =          {10.1051/0004-6361:20053818},
  adsurl =       {http://adsabs.harvard.edu/abs/2006A%26A...446..747G},
  adsnote =      {Provided by the SAO/NASA Astrophysics Data System}
}

@ARTICLE{2006A&A...454L..25M,
  author =       {{Muders}, D. and {Hafok}, H. and {Wyrowski}, F. and
                  {Polehampton}, E. and {Belloche}, A. and
                  {K{\"o}nig}, C. and {Schaaf}, R. and {Schuller},
                  F. and {Hatchell}, J. and {van der Tak}, F.},
  title =        "{APECS - the Atacama pathfinder experiment control
                  system}",
  journal =      {\aap},
  keywords =     {telescopes, methods: data analysis, methods:
                  numerical, astronomical data bases: miscellaneous},
  year =         2006,
  month =        aug,
  volume =       454,
  pages =        {L25-L28},
  doi =          {10.1051/0004-6361:20065359},
  adsurl =       {http://adsabs.harvard.edu/abs/2006A%26A...454L..25M},
  adsnote =      {Provided by the SAO/NASA Astrophysics Data System}
}

@ARTICLE{2006JRASC.100..242W,
  author =       {{West}, J.~L. and {Cameron}, I.~D.},
  title =        "{Using the Medical Image-Processing Package, ImageJ,
                  for Astronomy}",
  journal =      {\jrasc},
  year =         2006,
  month =        dec,
  volume =       100,
  pages =        242,
  adsurl =       {http://adsabs.harvard.edu/abs/2006JRASC.100..242W},
  adsnote =      {Provided by the SAO/NASA Astrophysics Data System}
}

@INPROCEEDINGS{2006SPIE.6268E.106T,
  author =       {{Thureau}, N.~D. and {Ireland}, M. and {Monnier},
                  J.~D. and {Pedretti}, E.},
  title =        "{Software tools for optical interferometry}",
  booktitle =    {Advances in Stellar Interferometry},
  year =         2006,
  series =       {Proc.\ SPIE},
  volume =       6268,
  pages =        {62683C},
  month =        jul,
  doi =          {10.1117/12.670560},
  adsurl =       {http://adsabs.harvard.edu/abs/2006SPIE.6268E.106T},
  adsnote =      {Provided by the SAO/NASA Astrophysics Data System}
}

@ARTICLE{2007AGUFMIN13B1214R,
  author =       {{Rajasekar}, A. and {Moore}, R. and {Vernon}, F.},
  title =        "{iRODS: A Distributed Data Management
                  Cyberinfrastructure for Observatories}",
  journal =      {AGU Fall Meeting Abstracts},
  keywords =     {0430 Computational methods and data processing, 0910
                  Data processing, 3315 Data assimilation, 4260 Ocean
                  data assimilation and reanalysis (3225), 4894
                  Instruments, sensors, and techniques},
  year =         2007,
  month =        dec,
  pages =        {B1214},
  adsurl =       {http://adsabs.harvard.edu/abs/2007AGUFMIN13B1214R},
  adsnote =      {Provided by the SAO/NASA Astrophysics Data System}
}

@INPROCEEDINGS{2007ASPC..376..483S,
   author = {{Seaman}, R. and {Pence}, W. and {White}, R. and {Dickinson}, M. and
	{Valdes}, F. and {Z{\'a}rate}, N.},
    title = "{Astronomical Tiled Image Compression: How and Why}",
booktitle = {Astronomical Data Analysis Software and Systems XVI},
     year = 2007,
   series = {\aspconf},
   volume = 376,
   editor = {{Shaw}, R.~A. and {Hill}, F. and {Bell}, D.~J.},
    month = oct,
    pages = {483},
   adsurl = {http://adsabs.harvard.edu/abs/2007ASPC..376..483S},
  adsnote = {Provided by the SAO/NASA Astrophysics Data System}
}

@Misc{2007Jen,
  author =       {Jennings, D.~G. and Pence, W.~D. and Folk, M. and
                  Schlesinger, B.M.},
  title =        {{A Hierarchical Grouping Convention for FITS}},
  howpublished =
                  "\url{http://fits.gsfc.nasa.gov/registry/grouping/grouping.pdf}",
  year =         2007,
}

@INPROCEEDINGS{2008ASPC..394..135G,
   author = {{Gaudet}, S. and {Dowler}, P. and {Goliath}, S. and {Redman}, R.
	},
    title = "{The JCMT Science Archive and the Virtual Observatory}",
booktitle = {Astronomical Data Analysis Software and Systems XVII},
     year = 2008,
   series = {\aspconf},
   volume = 394,
   editor = {{Argyle}, R.~W. and {Bunclark}, P.~S. and {Lewis}, J.~R.},
    month = aug,
    pages = {135},
   adsurl = {http://adsabs.harvard.edu/abs/2008ASPC..394..135G},
  adsnote = {Provided by the SAO/NASA Astrophysics Data System}
}

@INPROCEEDINGS{2009ASPC..411..418J,
   author = {{Jenness}, T. and {Berry}, D.~S. and {Cavanagh}, B. and {Currie}, M.~J. and
	{Draper}, P.~W. and {Economou}, F.},
    title = "{Developments in the Starlink Software Collection}",
booktitle = {Astronomical Data Analysis Software and Systems XVIII},
     year = 2009,
   series = {\aspconf},
   volume = 411,
   editor = {{Bohlender}, D.~A. and {Durand}, D. and {Dowler}, P.},
    month = sep,
    pages = {418},
   adsurl = {http://adsabs.harvard.edu/abs/2009ASPC..411..418J},
  adsnote = {Provided by the SAO/NASA Astrophysics Data System}
}

@ARTICLE{2009PASP..121..414P,
   author = {{Pence}, W.~D. and {Seaman}, R. and {White}, R.~L.},
    title = "{Lossless Astronomical Image Compression and the Effects of Noise}",
  journal = {\pasp},
archivePrefix = "arXiv",
   eprint = {0903.2140},
 primaryClass = "astro-ph.IM",
 keywords = {Data Analysis and Techniques},
     year = 2009,
    month = apr,
   volume = 121,
    pages = {414-427},
      doi = {10.1086/599023},
   adsurl = {http://adsabs.harvard.edu/abs/2009PASP..121..414P},
  adsnote = {Provided by the SAO/NASA Astrophysics Data System}
}

@Misc{2009Wic,
  author =       {{Wicenec}, A. and {Grosbol}, P. and {Pence}, W.~D.},
  title =        {{The ESO HIERARCH Keyword Convention}},
  howpublished =
                  "\url{http://fits.gsfc.nasa.gov/registry/hierarch_keyword.html}",
  year =         2009,
}

@ARTICLE{2010A&A...524A..42P,
  author =       {{Pence}, W.~D. and {Chiappetti}, L. and {Page},
                  C.~G. and {Shaw}, R.~A. and {Stobie}, E.},
  title =        "{Definition of the Flexible Image Transport System
                  (FITS), version 3.0}",
  journal =      {\aap},
  keywords =     {instrumentation: miscellaneous, methods:
                  miscellaneous, techniques: miscellaneous, reference
                  systems, standards, astronomical databases:
                  miscellaneous},
  year =         2010,
  month =        dec,
  volume =       524,
  eid =          {A42},
  pages =        {A42},
  doi =          {10.1051/0004-6361/201015362},
  adsurl =       {http://adsabs.harvard.edu/abs/2010A%26A...524A..42P},
  adsnote =      {Provided by the SAO/NASA Astrophysics Data System}
}

@INPROCEEDINGS{2010SPIE.7741E..67G,
   author = {{Gom}, B. and {Naylor}, D.},
    title = "{Testing results and current status of FTS-2, an imaging Fourier transform spectrometer for SCUBA-2}",
booktitle = {Millimeter, Submillimeter, and Far-Infrared Detectors and Instrumentation for Astronomy V},
     year = 2010,
   series = {Proc.\ SPIE},
   volume = 7741,
    month = jul,
      eid = {77412E},
    pages = {77412E},
      doi = {10.1117/12.857667},
   adsurl = {http://adsabs.harvard.edu/abs/2010SPIE.7741E..67G},
  adsnote = {Provided by the SAO/NASA Astrophysics Data System}
}

@Misc{2011AIPS114,
  author =       {Eric W. Greisen},
  title =        {{AIPS Memo 114r: The FITS Interferometry Data
                  Interchange Convention}},
  institution =  {NRAO},
  year =         2011,
}

@INPROCEEDINGS{2011ASPC..442...53A,
  author =       {{Anderson}, K. and {Alexov}, A. and {B{\"a}hren},
                  L. and {Grie{\ss}meier}, J.-M. and {Wise}, M. and
                  {Renting}, G.~A.},
  title =        "{LOFAR and HDF5: Toward a New Radio Data Standard}",
  booktitle =    {Astronomical Data Analysis Software and Systems XX},
  year =         2011,
  series =       {\aspconf},
  volume =       442,
  primaryClass = "astro-ph.IM",
  editor =       {{Evans}, I.~N. and {Accomazzi}, A. and {Mink},
                  D.~J. and {Rots}, A.~H.  },
  month =        jul,
  pages =        53,
  adsurl =       {http://adsabs.harvard.edu/abs/2011ASPC..442...53A},
  adsnote =      {Provided by the SAO/NASA Astrophysics Data System}
}

@INPROCEEDINGS{2012ASPC..461..283A,
  author =       {{Alexov}, A. and others},
  title =        "{Status of LOFAR Data in HDF5 Format}",
  booktitle =    {Astronomical Data Analysis Software and Systems XXI},
  year =         2012,
  series =       {\aspconf},
  volume =       461,
  editor =       {{Ballester}, P. and {Egret}, D. and {Lorente},
                  N.~P.~F.},
  month =        sep,
  pages =        283,
  adsurl =       {http://adsabs.harvard.edu/abs/2012ASPC..461..283A},
  adsnote =      {Provided by the SAO/NASA Astrophysics Data System}
}

@INPROCEEDINGS{2012ASPC..461..339D,
  author =       {{Dowler}, P.},
  title =        "{CAOM-2.0: The Inevitable Evolution of a Data
                  Model}",
  booktitle =    {Astronomical Data Analysis Software and Systems XXI},
  year =         2012,
  series =       {\aspconf},
  volume =       461,
  editor =       {{Ballester}, P. and {Egret}, D. and {Lorente},
                  N.~P.~F.},
  month =        sep,
  pages =        339,
  adsurl =       {http://adsabs.harvard.edu/abs/2012ASPC..461..339D},
  adsnote =      {Provided by the SAO/NASA Astrophysics Data System}
}

@INPROCEEDINGS{2012ASPC..461..825B,
  author =       {{Berry}, D.~S. and {Jenness}, T.},
  title =        "{New Features in AST: A WCS Management and
                  Manipulation Library}",
  booktitle =    {Astronomical Data Analysis Software and Systems XXI},
  year =         2012,
  series =       {\aspconf},
  volume =       461,
  primaryClass = "astro-ph.IM",
  editor =       {{Ballester}, P. and {Egret}, D. and {Lorente},
                  N.~P.~F.},
  month =        sep,
  pages =        825,
  adsurl =       {http://adsabs.harvard.edu/abs/2012ASPC..461..825B},
  adsnote =      {Provided by the SAO/NASA Astrophysics Data System}
}

@InProceedings{2012EWASSAlle,
  author =       {Stefano Allegrezza},
  title =        {Flexible Image Transport System: a new standard file
                  format for long-term preservation projects?},
  booktitle =    {European Week of Astronomy and Space Science, 1-6
                  July 2012, Rome},
  year =         2012,
}

@ARTICLE{2013A&A...558A..33A,
  author =       {{Astropy Collaboration}},
  title =        "{Astropy: A community Python package for astronomy}",
  journal =      {\aap},
  archivePrefix ="arXiv",
  eprint =       {1307.6212},
  primaryClass = "astro-ph.IM",
  keywords =     {methods: data analysis, methods: miscellaneous,
                  virtual observatory tools},
  year =         2013,
  month =        oct,
  volume =       558,
  eid =          {A33},
  pages =        {A33},
  doi =          {10.1051/0004-6361/201322068},
  adsurl =       {http://adsabs.harvard.edu/abs/2013A%26A...558A..33A},
  adsnote =      {Provided by the SAO/NASA Astrophysics Data System}
}

@InProceedings{2013ASPC..475...49H,
  author =       {Warren J. Hack and Nadezhda Dencheva and Andrew
                  S. Fruchter},
  title =        {{DrizzlePac: Managing Multi-component WCS solutions
                  for HST data}},
  booktitle =    {Astronomical Data Analysis Software and Systems
                  XXII},
  pages =        49,
  year =         2013,
  editor =       {Doug N. Friedel},
  volume =       475,
  series =       {\aspconf},
}

@INPROCEEDINGS{2013ASPC..475..159R,
   author = {{Redman}, R.~O. and {Dowler}, P.},
    title = "{Implementing a Common Database Architecture at the CADC using CAOM-2}",
booktitle = {Astronomical Data Analysis Software and Systems XXII},
     year = 2013,
   series = {\aspconf},
   volume = 475,
   editor = {{Friedel}, D.~N.},
    month = oct,
    pages = {159},
   adsurl = {http://adsabs.harvard.edu/abs/2013ASPC..475..159R},
  adsnote = {Provided by the SAO/NASA Astrophysics Data System}
}

@ARTICLE{2013MNRAS.430.2513H,
   author = {{Holland}, W.~S. and others},
    title = "{SCUBA-2: the 10 000 pixel bolometer camera on the James Clerk Maxwell Telescope}",
  journal = {\mnras},
 keywords = {instrumentation: detectors, submillimetre: general},
     year = 2013,
    month = apr,
   volume = 430,
    pages = {2513-2533},
      doi = {10.1093/mnras/sts612},
   adsurl = {http://adsabs.harvard.edu/abs/2013MNRAS.430.2513H},
  adsnote = {Provided by the SAO/NASA Astrophysics Data System}
}

@ARTICLE{2013arXiv1307.5123K,
   author = {{Kitaeff}, S. and {Wicenec}, A. and {Wu}, C. and {Taubman}, D.
	},
    title = "{Extremely Large Images: Considerations for Contemporary Approach}",
  journal = {ArXiv e-prints},
archivePrefix = "arXiv",
   eprint = {1307.5123},
 primaryClass = "astro-ph.IM",
 keywords = {Astrophysics - Instrumentation and Methods for Astrophysics},
     year = 2013,
    month = jul,
   adsurl = {http://adsabs.harvard.edu/abs/2013arXiv1307.5123K},
  adsnote = {Provided by the SAO/NASA Astrophysics Data System}
}

@InProceedings{P91_adassxxiii,
  author =       {Frossie Economou and Tim Jenness and Malcolm
                  J. Currie and David S. Berry},
  title =        {{Advantages of extensible self-described data
                  formats: Lessons learned from NDF}},
  booktitle =    {Astronomical Data Analysis Software and Systems
                  XXIII},
  pages =        {TBD},
  year =         2014,
  editor =       {Nadine Manset and P. Forshay},
  volume =       {TBD},
  series =       {\aspconf},
  address =      {San Francisco},
  publisher =    {ASP},
}

@Misc{SUN55,
  author =       {Malcolm J. Currie and G.~J. Privett and
                  A.~J. Chipperfield and D.~S. Berry and
                  A.~C. Davenhall},
  title =        {{CONVERT -- A Format-conversion Package}},
  publisher =    {Starlink Project},
  year =         2012,
  howpublished = {Starlink User Note 55},
}

@Misc{VOUnits,
  author =       {S. Derriere and others},
  title =        {{Units in the VO}},
  howpublished = {\url{http://www.ivoa.net/documents/VOUnits/}},
  year =         2013,
}

@Article{FITSDistort,
  author =       {M. R. Calabretta and F. G. Valdes and E. W. Greisen and S. L. Allen},
  title =        "{Representations of distortions in FITS world
		  coordinate systems}",
  journal =      {\aap},
  year =         {in preparation},
  note =         {\url{http://fits.gsfc.nasa.gov/wcs/dcs_20040422.pdf}},
}

